@book{buuren,
  title={Flexible imputation of missing data},
  author={Van Buuren, S.},
  year={2018},
  publisher={CRC press},
  url = {https://stefvanbuuren.name/fimd/}
}

@article{talge2014united,
  title={United States birth weight reference corrected for implausible gestational age estimates},
  author={Talge, Nicole M and Mudd, Lanay M and Sikorskii, Alla and Basso, Olga},
  journal={Pediatrics},
  volume={133},
  number={5},
  pages={844--853},
  year={2014},
  publisher={American Academy of Pediatrics}
}

@article{clausson2000genetic,
  title={Genetic influence on birthweight and gestational length determined by studies in offspring of twins},
  author={Clausson, Britt and Lichtenstein, Paul and Cnattingius, Sven},
  journal={BJOG: An International Journal of Obstetrics \& Gynaecology},
  volume={107},
  number={3},
  pages={375--381},
  year={2000},
  publisher={Wiley Online Library}
}

@article{bacelis2018uterine,
  title={Uterine distention as a factor in birth timing: retrospective nationwide cohort study in Sweden},
  author={Bacelis, Jonas and Juodakis, Julius and Waldorf, Kristina M Adams and Sengpiel, Verena and Muglia, Louis J and Zhang, Ge and Jacobsson, Bo},
  journal={BMJ open},
  volume={8},
  number={10},
  pages={e022929},
  year={2018},
  publisher={British Medical Journal Publishing Group}
}

@Manual{r,
    title = {R: A Language and Environment for Statistical Computing},
    author = {{R Core Team}},
    organization = {R Foundation for Statistical Computing},
    address = {Vienna, Austria},
    year = {2022},
    url = {https://www.R-project.org/},
  }
  
  @article{austin2009balance,
  title={Balance diagnostics for comparing the distribution of baseline covariates between treatment groups in propensity-score matched samples},
  author={Austin, Peter C},
  journal={Statistics in medicine},
  volume={28},
  number={25},
  pages={3083--3107},
  year={2009},
  publisher={Wiley Online Library}
}
  
  
@article{li2013weighting,
  title={A weighting analogue to pair matching in propensity score analysis},
  author={Li, Liang and Greene, Tom},
  journal={The international journal of biostatistics},
  volume={9},
  number={2},
  pages={215--234},
  year={2013},
  publisher={De Gruyter}
}
  